<?xml version="1.0" encoding="UTF-8"?><collection xmlns="http://www.loc.gov/MARC21/slim"><record><leader>00761nam--2200205-u-4500</leader><controlfield tag="001">000054161</controlfield><controlfield tag="002">20161230</controlfield><controlfield tag="005">20170107160654</controlfield><controlfield tag="008">110913s1000------------r-----000-0-eng-d</controlfield><datafield ind1=" " ind2=" " tag="020"><subfield code="a">9630156210</subfield></datafield><datafield ind1=" " ind2=" " tag="040"><subfield code="a">IFIN-HH</subfield></datafield><datafield ind1=" " ind2=" " tag="080"><subfield code="a">535.82(061.93)</subfield></datafield><datafield ind1="1" ind2=" " tag="100"><subfield code="a">Csan©Łdy, A</subfield></datafield><datafield ind1="1" ind2="0" tag="245"><subfield code="a">Electron microscopy 1984</subfield><subfield code="b">EUREM 1984 Proceedings of the Eighth European Congress on Electron Microscopy Budapest, Hungary August 13-18, 1984</subfield><subfield code="c">A. Csanady, P. Rohlich, D. Szabo (eds.)</subfield></datafield><datafield ind1=" " ind2=" " tag="260"><subfield code="a">Budapest</subfield><subfield code="b">Programme Committee Of The Eighth European Congress On Electron Microscopy</subfield><subfield code="c">1984</subfield></datafield><datafield ind1=" " ind2=" " tag="300"><subfield code="a">3 volume</subfield></datafield><datafield ind1="1" ind2=" " tag="700"><subfield code="a">Szab©đ, D</subfield></datafield><datafield ind1=" " ind2=" " tag="787"><subfield code="a">Volume 3</subfield><subfield code="h">/1584 p./2407 p.+author Index</subfield><subfield code="t">Life Sciences II</subfield></datafield><datafield ind1=" " ind2=" " tag="852"><subfield code="a">70136</subfield><subfield code="c">537.533.35</subfield></datafield><datafield ind1=" " ind2=" " tag="CAT"><subfield code="a">SYS</subfield><subfield code="c">20170107</subfield><subfield code="h">160654</subfield></datafield></record></collection>